%
\usepackage{url}

@inproceedings{novokhodko2001parallel,
  title={A parallel implementation of the batch backpropagation training of neural networks},
  author={Novokhodko, Alexander and Valentine, S},
  booktitle={IJCNN'01. International Joint Conference on Neural Networks. Proceedings (Cat. No. 01CH37222)},
  volume={3},
  pages={1783--1786},
  year={2001},
  organization={IEEE}
}

@article{foo1997parallel,
  title={Parallel implementation of backpropagation neural networks on a heterogeneous array of transputers},
  author={Foo, Shou King and Saratchandran, Paramasivan and Sundararajan, Narasimhan},
  journal={IEEE Transactions on Systems, Man, and Cybernetics, Part B (Cybernetics)},
  volume={27},
  number={1},
  pages={118--126},
  year={1997},
  publisher={IEEE}
}

@inproceedings{gholami2018integrated,
  title={Integrated model, batch, and domain parallelism in training neural networks},
  author={Gholami, Amir and Azad, Ariful and Jin, Peter and Keutzer, Kurt and Buluc, Aydin},
  booktitle={Proceedings of the 30th on Symposium on Parallelism in Algorithms and Architectures},
  pages={77--86},
  year={2018}
}



@book{book,
  author    = {Simon Haykin}, 
  title     = {Redes Neurais Princípios e Prática},
  publisher = {bookman},
  year      = {2001},
  volume    = 1,
  series    = 1,
  address   = {The address},
  edition   = 2,
  month     = {},
  note      = {},
  isbn      = {978-85-7307-718-6}
}

@misc{misc,
  author       = {Profa. Elaine Faria}, 
  title        = {Aula 7 – Medidas de Distância},
  howpublished = {http://www.facom.ufu.br/~elaine/disc/MFCD/Aula7-MedidasDistancia.pdf},
  month        = {},
  year         = 2017,
  note         = {UFU}
}

}